%% This BibTeX bibliography file was created using BibDesk.
%% http://bibdesk.sourceforge.net/



%% Saved with string encoding Unicode (UTF-8) 

@misc{green_ant_site,
    month = {sep},
    year = {2015},
    author = {Green Ant Inc.}
}

@misc{news_g1,
	author 			= {G1},
	title 			= {Aneel aprova aumento de até 17,04% nas tarifas da Eletropaulo},
	internetaddress = {http://g1.globo.com/economia/seu-dinheiro/noticia/2015/06/aneel-aprova-aumento-de-ate-1704-nas-tarifas-da-eletropaulo.html},
	howpublished 	= {\url{http://g1.globo.com/economia/seu-dinheiro/noticia/2015/06/aneel-aprova-aumento-de-ate-1704-nas-tarifas-da-eletropaulo.html}},
	day 			= {26},
	month 			= {sep},
	year 			= {2015}
}

@misc{news_secretaria_de_energia,
	author 			= {O Estado de S.Paulo},
	title 			= {Reajustes deixam tarifa de energia em novo nível},
	internetaddress = {http://www.energia.sp.gov.br/lenoticia.php?id=733},
	howpublished 	= {\url{http://www.energia.sp.gov.br/lenoticia.php?id=733}},
	day 			= {26},
	month 			= {sep},
	year 			= {2015}
}

@misc{ecoisme_site,
    month = {sep},
    year = {2015},
    url = {https://ecois.me/},
    author = {Ecoisme Inc.}
}

@misc{emonpi_site,
    month = {sep},
    year = {2015},
    url = {http://openenergymonitor.org/emon/}
}

@misc{neurio_site,
    month = {sep},
    year = {2015},
    url = {http://neur.io/},
    author = {Neurio Inc.}
}

@article{IP_based_wsn_AVFE_article,
    author    = {Aishwarya.V, Felix Enigo V.S.},
    title     = {IP based Wireless Sensor Networks with Web Interface },
    journal   = {International Conference on Recent Trends in Information Technology},
    year      = {2011},
    month    = {jun}
}